@unpublished{kpg,
author = {McSherry, Frank},
title = {K-Pg: a differential dataflow system},
institution = {ETH Zurich},
year = {2018}
}

@misc{datomic,
author = {Hickey, Rich},
title = {Datomic},
url = {https://www.datomic.com/},
year = {2013}
}

@misc{eve,
title = {EVE project},
author = {Granger, Chris},
url = {http://docs.witheve.com/v0.3/},
year = {2014}
}

@article{zaheer2016,
author = {Chothia, Zaheer and Liagouris, John and McSherry, Frank and Roscoe, Timothy},
year = {2016},
month = {08},
pages = {1137-1148},
title = {Explaining outputs in modern data analytics},
volume = {9},
booktitle = {Proceedings of the VLDB Endowment}
}

@article{graspan,
author = {Wang, Kai and Hussain, Aftab and Zuo, Zhiqiang and Xu, Guoqing and Amiri Sani, Ardalan},
year = {2017},
month = {04},
pages = {389-404},
title = {Graspan: A Single-machine Disk-based Graph System for Interprocedural Static Analyses of Large-scale Systems Code},
volume = {52},
booktitle = {ACM SIGPLAN Notices}
}

@article{dedalus,
author = {Alvaro, Peter and R. Marczak, William and Conway, Neil and M. Hellerstein, Joseph and Maier, David and C. Sears, Russell},
year = {2009},
month = {12},
pages = {14},
title = {Dedalus: Datalog in Time and Space}
}

@unknown{agrawal2008,
author = {Agrawal, Jagrati and Diao, Yanlei and Gyllstrom, Daniel and Immerman, Neil},
year = {2008},
month = {01},
pages = {},
title = {Efficient pattern matching over event streams}
}

@unknown{hoffmann2018,
author = {Hoffmann, Moritz and McSherry, Frank and Lattuada, Andrea},
year = {2018},
month = {06},
pages = {1-4},
title = {Latency-conscious dataflow reconfiguration}
}

@misc{rustnll,
title = {An alias-based formulation of the borrow checker},
author = {Matsakis, Nicholas D.},
year = {2018},
url = {http://smallcultfollowing.com/babysteps/blog/2018/04/27/an-alias-based-formulation-of-the-borrow-checker/}
}

@misc{drools,
title = {Drools}
url = {https://docs.jboss.org/drools/release/latest/drools-docs/html_single/#_phreak}
}

@inproceedings{selinger1979access,
  title={Access path selection in a relational database management system},
  author={Selinger, P Griffiths and Astrahan, Morton M and Chamberlin, Donald D and Lorie, Raymond A and Price, Thomas G},
  booktitle={Proceedings of the 1979 ACM SIGMOD international conference on Management of data},
  pages={23--34},
  year={1979},
  organization={ACM}
}

@article{leis2015good,
  title={How good are query optimizers, really?},
  author={Leis, Viktor and Gubichev, Andrey and Mirchev, Atanas and Boncz, Peter and Kemper, Alfons and Neumann, Thomas},
  journal={Proceedings of the VLDB Endowment},
  volume={9},
  number={3},
  pages={204--215},
  year={2015},
  publisher={VLDB Endowment}
}

@inproceedings{lohman2014query,
  title={Is query optimization a “solved” problem},
  author={Lohman, Guy},
  booktitle={Proc. Workshop on Database Query Optimization},
  pages={13},
  year={2014},
  organization={Oregon Graduate Center Comp. Sci. Tech. Rep}
}

@inproceedings{avnur2000eddies,
  title={Eddies: Continuously adaptive query processing},
  author={Avnur, Ron and Hellerstein, Joseph M},
  booktitle={ACM sigmod record},
  volume={29},
  number={2},
  pages={261--272},
  year={2000},
  organization={ACM}
}

@article{ahuja1986, 
author={S. Ahuja and N. Carriero and D. Gelernter}, 
journal={Computer}, 
title={Linda and Friends}, 
year={1986}, 
volume={19}, 
number={8}, 
pages={26-34}, 
keywords={Concurrent computing;Debugging;Hypercubes;Kernel;Mood;Parallel languages;Parallel machines;Parallel processing;Parallel programming;Programming profession}, 
doi={10.1109/MC.1986.1663305}, 
ISSN={0018-9162}, 
month={Aug},
}

@inproceedings{arntzenius2016datafun,
  title={Datafun: a functional Datalog},
  author={Arntzenius, Michael and Krishnaswami, Neelakantan R},
  booktitle={ACM SIGPLAN Notices},
  volume={51},
  number={9},
  pages={214--227},
  year={2016},
  organization={ACM}
}

@inproceedings{aref2015design,
  title={Design and implementation of the LogicBlox system},
  author={Aref, Molham and ten Cate, Balder and Green, Todd J and Kimelfeld, Benny and Olteanu, Dan and Pasalic, Emir and Veldhuizen, Todd L and Washburn, Geoffrey},
  booktitle={Proceedings of the 2015 ACM SIGMOD International Conference on Management of Data},
  pages={1371--1382},
  year={2015},
  organization={ACM}
}

@inproceedings{chen2000niagaracq,
  title={NiagaraCQ: A scalable continuous query system for internet databases},
  author={Chen, Jianjun and DeWitt, David J and Tian, Feng and Wang, Yuan},
  booktitle={ACM SIGMOD Record},
  volume={29},
  number={2},
  pages={379--390},
  year={2000},
  organization={ACM}
}

@article{hirzel2014catalog,
  title={A catalog of stream processing optimizations},
  author={Hirzel, Martin and Soul{\'e}, Robert and Schneider, Scott and Gedik, Bu{\u{g}}ra and Grimm, Robert},
  journal={ACM Computing Surveys (CSUR)},
  volume={46},
  number={4},
  pages={46},
  year={2014},
  publisher={ACM}
}

@article{abadi2013design,
  title={The design and implementation of modern column-oriented database systems},
  author={Abadi, Daniel and Boncz, Peter and Harizopoulos, Stavros and Idreos, Stratos and Madden, Samuel and others},
  journal={Foundations and Trends{\textregistered} in Databases},
  volume={5},
  number={3},
  pages={197--280},
  year={2013},
  publisher={Now Publishers, Inc.}
}

@incollection{forgy1989rete,
  title={Rete: A fast algorithm for the many pattern/many object pattern match problem},
  author={Forgy, Charles L},
  booktitle={Readings in Artificial Intelligence and Databases},
  pages={547--559},
  year={1989},
  publisher={Elsevier}
}

@inproceedings{murray2013naiad,
  title={Naiad: a timely dataflow system},
  author={Murray, Derek G and McSherry, Frank and Isaacs, Rebecca and Isard, Michael and Barham, Paul and Abadi, Mart{\'\i}n},
  booktitle={Proceedings of the Twenty-Fourth ACM Symposium on Operating Systems Principles},
  pages={439--455},
  year={2013},
  organization={ACM}
}

@inproceedings{mcsherry2013differential,
  title={Differential Dataflow.},
  author={McSherry, Frank and Murray, Derek Gordon and Isaacs, Rebecca and Isard, Michael},
  booktitle={CIDR},
  year={2013}
}

@misc{timely,
author = {McSherry, Frank},
title = {Timely Dataflow},
url = {https://github.com/TimelyDataflow/timely-dataflow},
}

@misc{differential,
author = {McSherry, Frank},
title = {Differential Dataflow},
url = {https://github.com/TimelyDataflow/differential-dataflow},
}

@misc{dogsdogsdogs,
author = {McSherry, Frank},
title = {DogsDogsDogs},
url = {https://github.com/TimelyDataflow/differential-dataflow/tree/master/dogsdogsdogs},
}

@misc{dataflowjoin,
author = {McSherry, Frank},
title = {DataflowJoin},
url = {https://github.com/frankmcsherry/dataflow-join},
}

@misc{declarative,
author = {Goebel, Nikolas},
title = {Declarative Dataflow},
url = {https://github.com/comnik/declarative-dataflow},
year = {2018},
}

@misc{makingarrangements,
author = {McSherry, Frank},
title = {Making Arrangements},
url = {https://github.com/frankmcsherry/blog/blob/master/posts/2017-05-01.md},
year = {2017},
}

@inproceedings{tekle2011more,
  title={More efficient datalog queries: subsumptive tabling beats magic sets},
  author={Tekle, K Tuncay and Liu, Yanhong A},
  booktitle={Proceedings of the 2011 ACM SIGMOD International Conference on Management of data},
  pages={661--672},
  year={2011},
  organization={ACM}
}

@article{veldhuizen2012leapfrog,
  title={Leapfrog triejoin: A simple, worst-case optimal join algorithm},
  author={Veldhuizen, Todd L},
  journal={arXiv preprint arXiv:1210.0481},
  year={2012}
}

@article{ammar2018distributed,
  title={Distributed evaluation of subgraph queries using worst-case optimal low-memory dataflows},
  author={Ammar, Khaled and McSherry, Frank and Salihoglu, Semih and Joglekar, Manas},
  journal={Proceedings of the VLDB Endowment},
  volume={11},
  number={6},
  pages={691--704},
  year={2018},
  publisher={VLDB Endowment}
}